@book{Perko2013,
  title     = {Differential Equations and Dynamical Systems},
  author    = {Perko, L.},
  publisher = {Springer-Verlag},
  year      = {2013},
  series    = {Texts in Applied Mathematics}
}

@book{Coddington1955,
  title     = {Theory of Ordinary Differential Equations},
  author    = {Coddington, Earl A. and Levinson, Norman},
  publisher = {McGraw-Hill},
  year      = {1955}
}
